<record><leader>00000cas a2200000 a 4500</leader><controlfield tag="001">12290300</controlfield><controlfield tag="008">850722d18uu190uiluwr ne      0   a0eng c</controlfield><datafield ind1=" " ind2=" " tag="010"><subfield code="a">sn 85033849 </subfield></datafield><datafield ind1=" " ind2=" " tag="040"><subfield code="a">NPU</subfield><subfield code="b">eng</subfield><subfield code="c">NPU</subfield><subfield code="d">NVF</subfield><subfield code="d">OCL</subfield><subfield code="d">NVF</subfield><subfield code="d">OCLCQ</subfield><subfield code="d">OCLCF</subfield><subfield code="d">NVF</subfield><subfield code="d">OCLCO</subfield></datafield><datafield ind1=" " ind2=" " tag="042"><subfield code="a">pcc</subfield></datafield><datafield ind1=" " ind2=" " tag="043"><subfield code="a">n-us-il</subfield></datafield><datafield ind1="0" ind2="0" tag="245"><subfield code="a">Mattoon gazette.</subfield></datafield><datafield ind1="1" ind2="3" tag="246"><subfield code="a">Gazette</subfield></datafield><datafield ind1=" " ind2=" " tag="260"><subfield code="a">Mattoon, Ill. :</subfield><subfield code="b">C.B. Bostwick</subfield></datafield><datafield ind1=" " ind2=" " tag="300"><subfield code="a">v.</subfield></datafield><datafield ind1=" " ind2=" " tag="310"><subfield code="a">Weekly,</subfield><subfield code="b">Nov. 5, 1897-&lt;Dec. 27, 1901&gt;</subfield></datafield><datafield ind1=" " ind2=" " tag="321"><subfield code="a">Weekly,</subfield><subfield code="b">&lt;Feb. 28, 1873&gt;-Aug. 6, 1897</subfield></datafield><datafield ind1=" " ind2=" " tag="321"><subfield code="a">Semiweekly,</subfield><subfield code="b">Aug. 10-Oct. 29, 1897</subfield></datafield><datafield ind1=" " ind2=" " tag="580"><subfield code="a">Merged with: Mattoon daily journal, to form: Mattoon journal-gazette (Mattoon, Ill. : 1905).</subfield></datafield><datafield ind1=" " ind2=" " tag="588"><subfield code="a">Description based on: New ser., v. 3, no. 28 (Feb. 28, 1873).</subfield></datafield><datafield ind1=" " ind2=" " tag="588"><subfield code="a">Latest issue consulted: Vol. 31, no. 22 (Dec. 27, 1901).</subfield></datafield><datafield ind1=" " ind2="0" tag="651"><subfield code="a">Mattoon (Ill.)</subfield><subfield code="v">Newspapers.</subfield></datafield><datafield ind1=" " ind2="7" tag="651"><subfield code="a">Illinois</subfield><subfield code="z">Mattoon.</subfield><subfield code="2">fast</subfield><subfield code="0">(OCoLC)fst01217883</subfield></datafield><datafield ind1=" " ind2="7" tag="655"><subfield code="a">Newspapers.</subfield><subfield code="2">fast</subfield><subfield code="0">(OCoLC)fst01423814</subfield></datafield><datafield ind1=" " ind2=" " tag="752"><subfield code="a">United States</subfield><subfield code="b">Illinois</subfield><subfield code="c">Coles</subfield><subfield code="d">Mattoon.</subfield></datafield><datafield ind1="1" ind2="7" tag="785"><subfield code="t">Mattoon daily journal</subfield><subfield code="w">(DLC)sn 90054912</subfield><subfield code="w">(OCoLC)21487120</subfield></datafield><datafield ind1="1" ind2="7" tag="785"><subfield code="t">Mattoon journal-gazette (Mattoon, Ill. : 1905)</subfield><subfield code="w">(DLC)sn 90054913</subfield><subfield code="w">(OCoLC)21487283</subfield></datafield></record>